@book{wirth1976algorithms,
  author       = {Niklaus Wirth},
  title        = {Algorithms + Data Structures = Programs},
  year         = 1976,
  publisher    = {Prentice Hall},
  address      = {Englewood Cliffs, NJ},
  isbn         = {0-13-022418-9},
  lccn         = {75-11599},
  keywords     = {Electronic digital computers--Programming, Data structures (Computer science), Algorithms},
}


@misc{pardo_aula16,
  author = {Thiago Pardo},
  title = {Aula 16 - Tratamento de erros sintáticos, ASD preditiva não recursiva},
  howpublished = {\url{https://edisciplinas.usp.br/pluginfile.php/8353398/mod_resource/content/0/Aula%2016%20-%20Tratamento%20de%20erros%20sint%C3%A1ticos%2C%20ASD%20preditiva%20n%C3%A3o%20recursiva.pdf}},
  year = {2024},
  note = {Acessado em 21 de junho de 2024}
}
